@misc{RM2N2020,
    keywords = {poster},
    title = {{Modeling the Behavior of Silicon Nanomembranes in MEMS Sensors}},
    author = {\textbf{J. Wagner}, D. Kelm, C. Shackett, N. Hemenway, and G. Gopalakrishnan},
    howpublished = {{Regional Materials and Manufacturing Network Conference}},
    year = {January 2020},
}


@misc{wsts2019,
    keywords = {poster},
    title = {{A Comparison of Modeling Methods for Silicon Nanomembrane Pressure Sensors}},
    author = {{\textbf{J. Wagner}, D. Kelm, C. Shackett, N. Hemenway, and G. Gopalakrishnan}},
    howpublished = {{Wisconsin Science and Technology Symposium}},
    year = {July 2019},
}

@misc{EPpostersSpring2019,
    keywords = {poster},
    title = {{Computer Vision at the Edge with Jetson Nano}},
    author = {\textbf{J. Wagner} and M. Roopaei},
    howpublished = {{Department of Engineering Physics Poster Session}},
    year = {May 2019},
}

@misc{uwSym2019Roopaei,
    keywords = {poster},
    title = {{Use of Multi-Agent Networks for Disaster Response}},
    author = {{\textbf{J. Wagner} and M. Roopaei}},
    howpublished = {{University of Wisconsin System Symposium}},
    year = {April 2019},
}

@misc{uwSym2019Gopal,
    keywords = {poster},
    title = {{Modeling the Behavior of Silicon Nanomembranes in MEMS Sensors}},
    author = {{D. Kelm, \textbf{J. Wagner}, C. Shackett, N. Hemenway, and G. Gopalakrishnan}},
    howpublished = {{University of Wisconsin System Symposium}},
    year = {April 2019},
}

@misc{RM2N2019,
    keywords = {poster},
    title = {{Shape Based Separation and Manipulation of Micro and Nanoscale Objects}},
    author = {{A. Drees, \textbf{J. Wagner}, B. Thronson, N. Shannon, D. Rohr, B. Wisinski, A. Heuermann and G. Gopalakrishnan}},
    howpublished = {{Regional Materials and Manufacturing Network Conference}},
    year = {January 2019},
}