@misc{DSC_Presentation,
    keyword = {presentation},
    key = {2021_DSC},
    title = {{Literature Review of KF-based Secure State Estimation in Cyber-Physical Systems}},
    author = {},
    howpublished = {{UT-Dallas Dynamical Systems and Controls Research Seminar}},
    date = {April 2021},
    year = {2021}
}

@misc{dallas2019_BorilReaserch,
    keyword = {presentation},
    key = {2019_Boril},
    title = {{Implementing EM-Algorithm using Python within WSL}},
    author = {},
    howpublished = {{UW-Plattevielle PSSPL and UT-Dallas CRSS Lab Seminar}},
    date = {November 2019},
    year = {2019},
}

@misc{dallas2019_RoopaeiReaserch,
    keyword = {presentation},
    key = {2019_Roopaei},
    title = {{Development of a Real-time Object Detection Platform for UAVs}},
    author = {},
    howpublished = {{UW-Plattevielle PSSPL and UT-Dallas CRSS Lab Seminar}},
    date = {November 2019},
    year = {2019},
}

@misc{dallas2019_GopalReaserch,
    keyword = {presentation},
    key = {2019_Gopal},
    title = {{Modeling of Silicon Nanomembrane Pressure Sensors}},
    author = {},
    howpublished = {{UW-Plattevielle PSSPL and UT-Dallas CRSS Lab Seminar}},
    date = {November 2019},
    year = {2019},
}

@misc{summerReaserch2019,
    keyword = {presentation},
    key = {2019_summer},
    title = {{Research-Focused Summer: A summary of a productive and eventful summer of research}},
    author = {},
    howpublished = {UW Platteville Engineering Research Seminar},
    date = {October 2019},
    year = {2019},
}

@misc{prototypeHackathon2019,
    keyword = {presentation},
    key = {2019_prototype},
    title = {{Improving Disaster Response with a Network of Unmanned Aerial Vehicles}},
    author = {},
    howpublished = {UW-Platteville Prototype Hackathon},
    date = {April 2019},
    year = {2019},
}


