@inproceedings{cdc2023,
    author={{\textbf{J. Wagner}, T. Kogel, and J. Ruths}},%{Wagner, Jonas and Kogel, Tanner and Ruths, Justin},
    booktitle={2023 62nd IEEE Conference on Decision and Control (CDC)}, 
    title={Set-Based Anomaly Detector and Stealthy Attack Impact Using Constrained Zonotopes}, 
    year={2023},
    volume={},
    number={},
    % pages={7081-7087},
    keywords = {pub},
    % keywords={Uncertainty;Runtime;System dynamics;Measurement uncertainty;Detectors;Safety;Security},
    % doi={10.1109/CDC49753.2023.10383403}
}

@inproceedings{ccwc2020,
    keywords = {pub},
    title = {{Edge Based Decision Making in Disaster Response Systems}},
    author = {\textbf{J. Wagner} and M. Roopaei},%{Wagner, Jonas and Roopaei, Mehdi},%{\textbf{J. Wagner} and M. Roopaei},
    booktitle = {IEEE - 10\textsuperscript{th} Annual Computing and Communications Workshop and Conference},
    year = {2020},
}

%@article{journalofMEMS2020,
%   keywords = {pub},
%   title = {{Modeling the Behavior of Single Crystal Silicon Nanomembranes in MEMS Pressure Sensors}},
%   author = {{D. Kelm, \textbf{J. Wagner}, C. Shackett, N. Hemenway, and G. Gopalakrishnan}},
%   year = {(manuscript in preparation for the \textit{Journal of Microelectromechanical Systems)}},
%}



@inproceedings{ijaecs2019,
    keywords = {pub},
    title = {{Learning in The Virtual Realm: A Platform for Immersive Engineering Education}},
    % author = {Fowler, Aric and Mutschelknaus, Emma and Roopaei, Mehdi and Wagner, Jonas},
    author = {{A. Fowler, E. Mutschelknaus, M. Roopaei, and \textbf{J. Wagner}}},
    booktitle = {International Journal of Advances in Electronics and Computer Science (IJAECS)},
    year = 2019,
}